@comment{This file has been generated by Pybliographer}

@Article{,
  author         = {},
  title          = {},
  journal        = {},
  volume         = {},
  number         = {},
  pages          = {},
  month          = {},
  year           = {}
}

@article{novick2014,
  title={External Nutrient Loads to San Francisco Bay},
  author={Novick, E and Senn, D},
  journal={SFEI},
  number={704},
  year={2014}
}

@article{lucas2002,
  title={Functional variability of habitats within the Sacramento--San Joaquin Delta: restoration implications},
  author={Lucas, Lisa V and Cloern, James E and Thompson, Janet K and Monsen, Nancy E},
  journal={Ecological Applications},
  volume={12},
  number={5},
  pages={1528--1547},
  year={2002},
  publisher={Wiley Online Library}
}

@article{lopez2006,
  title={Ecological values of shallow-water habitats: implications for the restoration of disturbed ecosystems},
  author={Lopez, Cary B and Cloern, James E and Schraga, Tara S and Little, Amy J and Lucas, Lisa V and Thompson, Janet K and Burau, Jon R},
  journal={Ecosystems},
  volume={9},
  number={3},
  pages={422--440},
  year={2006},
  publisher={Springer}
}

@article{cloern1991,
  title={Annual variations in river flow and primary production in the South San Francisco Bay Estuary (USA) James E. Cloern US Geological Survey, MS-496, 345 Middlefield Road, Menlo Park, CA 94025, USA},
  author={Cloern, James E},
  journal={Estuaries and coasts: Spatial and temporal intercomparisons},
  volume={19},
  pages={91},
  year={1991},
  publisher={Olsen \& Olsen}
}

@article{simpson1990,
  title={Tidal straining, density currents, and stirring in the control of estuarine stratification},
  author={Simpson, John H and Brown, Juan and Matthews, John and Allen, Graham},
  journal={Estuaries},
  volume={13},
  number={2},
  pages={125--132},
  year={1990},
  publisher={Springer}
}

@article{swain2018,
  title={Increasing precipitation volatility in twenty-first-century California},
  author={Swain, Daniel L and Langenbrunner, Baird and Neelin, J David and Hall, Alex},
  journal={Nature Climate Change},
  volume={8},
  number={5},
  pages={427--433},
  year={2018},
  publisher={Nature Publishing Group}
}

@article{holleman2017,
  title={San Francisco Bay Interim Model Validation Report},
  author={Holleman, R and Nuss, E},
  journal={SFEI},
  number={850},
  year={2017}
}

@article{martyr2017,
  title={Application of an unstructured 3D finite volume numerical model to flows and salinity dynamics in the San Francisco Bay-Delta},
  author={Martyr-Koller, RC and Kernkamp, HWJ and van Dam, A and van der Wegen, Mick and Lucas, LV and Knowles, N and Jaffe, B and Fregoso, TA},
  journal={Estuarine, Coastal and Shelf Science},
  volume={192},
  pages={86--107},
  year={2017},
  publisher={Elsevier}
}

@article{pubben2017,
  title={3D Mixing patterns in San Francisco South Bay},
  author={Pubben, SGT},
  journal={Masters Thesis, TU Delft},
  year={2017}
}

@article{wang2012,
  title={A Continuous Surface Elevation Map for Modeling (Chapter 6). In
Methodology for Flow and Salinity Estimates in the Sacramento-San Joaquin Delta and Suisun Mars, 23rd
Annual Progress Report to the State Water Resources Control Board. California Department of Water Resources, Bay-Delta Oce, Delta Modeling Section.},
  author={Wang, R and Ateljevich, Eli},
  journal={Finch R, editor},
  year={2012}
}

@book{foxgrover2018,
  title={Bathymetry and digital elevation models of Coyote creek and Alviso slough, South San Francisco Bay, California},
  author={Foxgrover, Amy C and Finlayson, David P and Jaffe, Bruce E and Fregoso, Theresa A},
  year={2018},
  publisher={US Department of the Interior, US Geological Survey}
}